@article{knuth84,
  author = {Knuth, Donald E.},
  title = {Literate Programming},
  year = {1984},
  issue_date = {May 1984},
  publisher = {Oxford University Press, Inc.},
  address = {USA},
  volume = {27},
  number = {2},
  issn = {0010-4620},
  url = {https://doi.org/10.1093/comjnl/27.2.97},
  doi = {10.1093/comjnl/27.2.97},
  journal = {Comput. J.},
  month = may,
  pages = {97–111},
  numpages = {15}
}
@article{spielman2020evaluating,
  title={Evaluating social vulnerability indicators: criteria and their application to the Social Vulnerability Index},
  author={Spielman, Seth E and Tuccillo, Joseph and Folch, David C and Schweikert, Amy and Davies, Rebecca and Wood, Nathan and Tate, Eric},
  journal={Natural hazards},
  volume={100},
  pages={417--436},
  year={2020},
  publisher={Springer}
}
@article{mah2023social,
  title={Social vulnerability indices: a scoping review},
  author={Mah, Jasmine Cassy and Penwarden, Jodie Lynn and Pott, Henrique and Theou, Olga and Andrew, Melissa Kathryn},
  journal={BMC public health},
  volume={23},
  number={1},
  pages={1253},
  year={2023},
  publisher={Springer}
}
@misc{sndif2002formula,
  title={Fórmula de distribución del índice de vulnerabilidad social},
  author={Sistema Nacional para el Desarrollo Integral de la Familia},
  year={2002},
  publisher={Dirección de Alimentación y Desarrollo Comunitario},
  note={Julio, 2002}
}
@misc{sndif20017formula,
  title={Índice de vulnerabilidad social},
  author={Sistema Nacional para el Desarrollo Integral de la Familia},
  year={2017},
  publisher={Dirección de Alimentación y Desarrollo Comunitario},
  note={Julio, 2017}
}
@misc{tecscience2022vulnerabilidad, 
title={La vulnerabilidad social: criterios para su medición}, 
author={Gabriela Monforte García}, 
year={2022}, 
publisher={Tecnológico de Monterrey}, 
note={14 de octubre de 2022}, url={https://tecscience.tec.mx/es/divulgacion-ciencia/la-vulnerabilidad-social-criterios-para-su-medicion/} 
}

@misc{SierraAlcocer2020Indice, 
title={Índice de Vulnerabilidad Municipal a COVID-19}, 
author={Raúl Sierra Alcocer and Graciela González Farías and Pablo López Ramírez}, 
year={2020}, publisher={CONAHCYT}, 
note={Disponible en: https://salud.conahcyt.mx/coronavirus/investigacion/proyectos/vulnerabilidad_pca_pls.html} 
}

@article{Flanagan2011SVI,
  author    = {Barry E. Flanagan and Edward W. Gregory and Elaine J. Hallisey and Janet L. Heitgerd and Brian Lewis},
  title     = {A Social Vulnerability Index for Disaster Management},
  journal   = {Journal of Homeland Security and Emergency Management},
  volume    = {8},
  number    = {1},
  article   = {3},
  year      = {2011},
  doi       = {10.2202/1547-7355.1792},
  url       = {http://www.bepress.com/jhsem/vol8/iss1/3},
  publisher = {Berkeley Electronic Press}
}


@misc{CDC_SVI,
  author = {Centers for Disease Control and Prevention (CDC) and Agency for Toxic Substances and Disease Registry (ATSDR)},
  title = {Social Vulnerability Index (SVI)},
  year = {2024},
  url = {https://www.atsdr.cdc.gov/place-health/php/svi/index.html},
  note = {Accedido el 24 de febrero de 2025}
}
